@article{sarikayadesign,
  title={Design Factors for Summary Visualization in Visual Analytics},
  author={Sarikaya, A and Gleicher, M and Szafir, DA},
  journal={Computer Graphics Forum},
  volume={37},
  number={3},
  pages={145-156},
  year={2018}
}